@book{leiserson1994introduction,
  title={Introduction to algorithms},
  author={Cormen, Thomas H and Leiserson, Charles Eric and Rivest, Ronald L and Stein, Clifford},
  volume={1},
  year={1994},
  publisher={MIT press Cambridge, MA, USA},
  page={85}
}